@article{bhasker,
    author = {Bhasker, Jayaram AND Sahni, Sartaj},
    title = {A LINEAR ALGORITHM TO FIND A RECTANGULAR DUAL OF A PLANAR TRIANGULATED GRAPH},
    journal = {23rd ACM/IEEE Design Automation Conference},
    year = {1986},
    publisher = {University of Minnesota},
    url = {https://www.cise.ufl.edu/~sahni/papers/findjr.pdf}
}

@article{hacker,
    author = {Hacker, Jonathan David},
    title = {How the Dungeons of The Legend of Zelda Challenge Players to Find the Way For Themselves},
    journal = {Honors Projects},
    year = {2022},
    publisher = {Seattle Pacific University},
    url = {https://digitalcommons.spu.edu/cgi/viewcontent.cgi?article=1172&context=honorsprojects}
}

@misc{metazelda,
    author = {Tom Coxon},
    title = {metazelda},
    url = {https://github.com/tcoxon/metazelda}
}